<?xml version="1.0" encoding="UTF-8"?><collection xmlns="http://www.loc.gov/MARC21/slim"><record><leader>00423nam--2200169-u-4500</leader><controlfield tag="001">000056822</controlfield><controlfield tag="002">20191031</controlfield><controlfield tag="005">20191031041528</controlfield><controlfield tag="008">191031s1000------------r-----000-0-eng-d</controlfield><datafield ind1=" " ind2=" " tag="041"><subfield code="a">eng</subfield></datafield><datafield ind1="1" ind2=" " tag="100"><subfield code="a">Maslov, V. P</subfield></datafield><datafield ind1="1" ind2="0" tag="245"><subfield code="a">OPERATIONAL METHODS</subfield><subfield code="c">V. P. MASLOV</subfield></datafield><datafield ind1=" " ind2=" " tag="260"><subfield code="a">MOSCOW</subfield><subfield code="b">MIR PUBLISHERS</subfield><subfield code="c">1976</subfield></datafield><datafield ind1=" " ind2=" " tag="300"><subfield code="a">559 P</subfield></datafield><datafield ind1=" " ind2=" " tag="500"><subfield code="a">DONATIE GHEORGHE DINESCU</subfield></datafield><datafield ind1=" " ind2=" " tag="852"><subfield code="a">82717</subfield><subfield code="c">517.9</subfield></datafield><datafield ind1=" " ind2=" " tag="CAT"><subfield code="a">SYS</subfield><subfield code="c">20191031</subfield><subfield code="h">041528</subfield></datafield></record></collection>